% This file was created with Citavi 6.3.0.0

@misc{.09.01.2019,
 abstract = {A house can be designed and built in numerous ways. This lesson should help you to be able to draw a house with ease!},
 year = {09.01.2019},
 title = {How to Draw a House - Draw Step by Step},
 url = {http://www.yedraw.com/how-to-draw-house.html#.XKc3olUzZhE},
 keywords = {draw house;drawing house;for kids;how to draw house;pencil drawing of house;step by step},
 urldate = {05.04.2019}
}


@misc{lachettaFBauerMPoerschkeKBieberNSolbachTLeppertFGreinerWBernnatR.,
 author = {{lachetta F, Bauer M, Poerschke K, Bieber N, Solbach T, Leppert F, Greiner W, Bernnat R}},
 title = {Weiterentwicklung der eHealth-Strategie: Studie im Auftrag des Bundesministeriums f{\"u}r Gesundheit},
 address = {Berlin},
 urldate = {05.02.2019},
 editor = {BMG},
 institution = {{Fakult{\"a}t f{\"u}r Gesundheitswissenschaften}}
}


@book{Langkafel.2015,
 abstract = {Big Data is about the collection, storage, search, distribution, statistical analysis and visualization of large amounts of data. This is especially relevant in healthcare management, as the amount of digital information is growing exponentially and can only be handled with IT technologies. This book provides the new possibilities of networked data analysis and Big Data -- for and within medical science and healthcare management

Big Data is about the collection, storage, search, distribution, statistical analysis and visualization of large amounts of data. This is especially relevant in healthcare management, as the amount of digital information is growing exponentially and can only be handled with IT technologies. This book provides the new possibilities of networked data analysis and Big Data - for and within medical science and healthcare management. Peter Langkafel (Ed.), Walldorf.},
 author = {Langkafel, Peter},
 year = {2015},
 title = {Big Data in Medical Science and Healthcare Management: Diagnosis, Therapy, Side Effects},
 url = {http://dx.doi.org/10.1515/9783110445749},
 keywords = {Big data;Data {\&} Telematik in Medizin;Data Mining;Data processing;Decision making;Diagnosis;Gesundheitswesen;Massendaten;Medicine;Medizin},
 address = {Berlin},
 publisher = {{De Gruyter}},
 isbn = {9783110445282},
 doi = {10.1515/9783110445749}
}


@misc{Leach.2005,
 author = {Leach, Paul and Mealling, Michael and Salz, Rich},
 editor = {{Network Working Group}},
 year = {2005},
 title = {A Universally Unique IDentifier (UUID) URN Namespace},
 url = {https://tools.ietf.org/html/rfc4122},
 urldate = {06.04.2019}
}


@book{Leffingwell.2011,
 abstract = {This text includes comprehensive solutions, proven processes and real-world insights for capturing requirements at the right level of detail without compromising agility

This text includes comprehensive solutions, proven processes and real-world insights for capturing requirements at the right level of detail without compromising agility},
 author = {Leffingwell, Dean},
 year = {2011},
 title = {Agile software requirements: Lean requirements practices for teams, programs, and the enterprise},
 url = {http://proquest.tech.safaribooksonline.de/9780321685438},
 keywords = {Agile software development;Agile Softwareentwicklung},
 address = {Upper Saddle River, N.J},
 publisher = {Addison-Wesley},
 isbn = {9780321635846},
 series = {The Agile software development series}
}


@article{Levy.2015,
 abstract = {Background: Minimizing the chest compression pause associated with application of a mechanical CPR device is a key component of optimal integration into the overall resuscitation process. As part of a multi-agency implementation project, Anchorage Fire Department deployed LUCAS CPR devices on BLS and ALS fire apparatus for initiation early in resuscitation efforts. A 2012 report identified the pause interval for device application as a key opportunity for quality improvement (QI). In early 2013 we began a QI initiative to reduce device application time interval and optimize the overall CPR process. To assess QI initiative effectiveness, we compared key CPR process metrics from before to during and after its implementation. Methods: We included all cases of EMS-treated out-of-hospital cardiac arrest during 2012 and 2013 in which a mechanical CPR device was used and the defibrillator electronic record was available. Continuous ECG and impedance data were analyzed to measure chest compression fraction, duration of the pause from last manual to first mechanical compression, and duration of the longest overall pause in the resuscitation effort. Results: Compared to cases from 2012 (n = 61), median duration of the pause prior to first mechanical compression for cases from 2013 (n = 71) decreased from 21 (15, 31) to 7 (4, 12) s (p {\textless} 0.001), while median chest compression fraction increased from 0.90 (0.88, 0.93) to 0.95 (0.93, 0.96) (p {\textless} 0.001). Median duration of the longest pause decreased from 25 (20, 35) to 13 (10, 20) s (p {\textless} 0.001), while the proportion of cases where the longest pause was for mechanical CPR application decreased from 74{\%} to 31{\%} (p {\textless} 0.001). Conclusions: Our QI initiative substantially reduced the duration of the pause prior to first mechanical compression. Combined with the simultaneous significant increase in compression fraction and significant decrease in duration of the longest pause, this finding strongly suggests a large improvement in mechanical CPR device application efficiency within an overall high-performance CPR process},
 author = {Levy, Michael and Yost, Dana and Walker, Robert G. and Scheunemann, Erich and Mendive, Steve R.},
 year = {2015},
 title = {A quality improvement initiative to optimize use of a mechanical chest compression device within a high-performance CPR approach to out-of-hospital cardiac arrest resuscitation},
 keywords = {Cardiac arrest resuscitation;ccf;Chest compression fraction;High performance CPR;Mechanical chest compression;OHCA},
 urldate = {02.03.2016},
 pages = {32--37},
 volume = {92},
 issn = {1873-1570},
 journal = {Resuscitation},
 doi = {10.1016/j.resuscitation.2015.04.005}
}


@article{Maconochie.2015,
 abstract = {Introduction These guidelines on paediatric life support are based on three main principles: (1) the incidence of critical illness, particularly cardiopulmonary arrest, and injury in children is much lower than in adults; (2) the illnesses and pathophysiological responses of paediatric patients often differ from those seen in adults; (3) many paediatric emergencies are managed primarily by providers who are not paediatric specialists and who have limited paediatric emergency medical experience. Therefore, guidelines on paediatric life support must incorporate the best available scientific evidence but must also be simple and feasible. Finally, international guidelines need to acknowledge the variation in national and local emergency medical infrastructures and allow flexibility when necessary.},
 author = {Maconochie, Ian K. and Bingham, Robert and Eich, Christoph and L{\'o}pez-Herce, Jes{\'u}s and Rodr{\'i}guez-N{\'u}{\~n}ez, Antonio and Rajka, Thomas and {van de Voorde}, Patrick and Zideman, David A. and Biarent, Dominique},
 year = {2015},
 title = {European Resuscitation Council Guidelines for Resuscitation 2015 Section 6. Paediatric life support: Resuscitation 95 (2015) 223--248},
 keywords = {Chest compressions;Guidelines for Resuscitation;Paediatric basic life support},
 pages = {223--248},
 volume = {95},
 issn = {1873-1570},
 journal = {Resuscitation},
 doi = {10.1016/j.resuscitation.2015.07.028}
}


@book{Maute.2009,
 author = {Maute, C.},
 year = {2009},
 title = {Zur Rolle und Nutzen von Key Performance Indicators (KPI)},
 url = {https://books.google.de/books?id=Fms1TNV5ccsC},
 address = {M{\"u}nchen},
 publisher = {{GRIN Verlag}},
 isbn = {9783640409457}
}


@book{McCormick.1987,
 year = {1987},
 title = {Visualization in scientific computing},
 keywords = {Computergrafik;Visualisierung},
 address = {New York},
 volume = {21,6},
 publisher = {{ACM SIGGRAPH}},
 series = {Computer graphics Special issue},
 editor = {McCormick, Bruce H.}
}


@article{Monsieurs.2015,
 author = {Monsieurs, Koenraad G. and Nolan, Jerry P. and Bossaert, Leo L. and Greif, Robert and Maconochie, Ian K. and Nikolaou, Nikolaos I. and Perkins, Gavin D. and Soar, Jasmeet and Truhl{\'a}{\v{r}}, Anatolij and Wyllie, Jonathan and Zideman, David A.},
 year = {2015},
 title = {European Resuscitation Council Guidelines for Resuscitation 2015: Section 1. Executive summary},
 pages = {1--80},
 volume = {95},
 issn = {1873-1570},
 journal = {Resuscitation},
 doi = {10.1016/j.resuscitation.2015.07.038}
}


@book{Niederlag.2003,
 year = {2003},
 title = {Ethik {\&} Informationstechnik: Am Beispiel der Telemedizin ; [Dresdner Telemedizin-Gespr{\"a}ch, 5. September 2003, Dresden]},
 keywords = {Congresses;Data {\&} Telematik in Medizin;Ethics;Informationstechnik;Medical;Medizin : Allgemeines;Medizinische Ethik;Rechner-Netze / Datenkommunikation;Telemedicine-ethics;Telemedizin;Telemedizin / Informationstechnik / Ethik},
 address = {Dresden},
 volume = {2003,2},
 publisher = {{Health Academy}},
 isbn = {3000131809},
 series = {Health Academy},
 editor = {Niederlag, Wolfgang}
}


@article{Nolan.2010,
 author = {Nolan, J. P. and Soar, J. and Zideman, D. A. and Biarent, D. and Bossaert, L. L. and Deakin, C. and Koster, R. W. and Wyllie, J. and B{\"o}ttiger, B.},
 year = {2010},
 title = {Kurzdarstellung},
 pages = {515--522},
 volume = {13},
 number = {7},
 issn = {1434-6222},
 journal = {Notfall + Rettungsmedizin},
 doi = {10.1007/s10049-010-1367-y}
}


@misc{Patig.,
 author = {Patig, S. and Dibbern, J.},
 title = {Requirements Engineering},
 url = {http://www.enzyklopaedie-der-wirtschaftsinformatik.de/lexikon/is-management/Systementwicklung/Hauptaktivitaten-der-Systementwicklung/Problemanalyse-/Requirements-Engineering/index.html},
 address = {Potsdam},
 editor = {{Lehrstuhl f{\"u}r Wirtschaftsinformatik, Universit{\"a}t Potsdam}}
}


@book{Pohl.2011,
 author = {Pohl, Klaus and Rupp, Chris},
 year = {2011},
 title = {Basiswissen Requirements Engineering: Aus- und Weiterbildung zum $\backslash$dq ; Foundation Level nach IREB-Standard},
 keywords = {CPRE;Requirements Engineering;Software engineering;Softwareentwicklung},
 address = {Heidelberg},
 edition = {3., korrigierte Aufl.},
 publisher = {dpunkt-Verl.},
 isbn = {9783898647717}
}


@book{Pruitt.2006,
 author = {Pruitt, John and Adlin, Tamara},
 year = {2006},
 title = {The persona lifecycle: Keeping people in mind throughout product design},
 keywords = {Industriedesign;Produktentwicklung},
 isbn = {0125662513},
 series = {The Morgan Kaufmann series in interactive technologies}
}


@misc{Rahm.2011,
 author = {Rahm, Erhard},
 year = {2011},
 title = {Data Warehousing: Mehrdimensionale Daten- modellierung und Operatione: Kapitel 3},
 url = {https://dbs.uni-leipzig.de/file/dwh_ss11_kap3.pdf},
 keywords = {Data Warehousing},
 address = {Leipzig},
 urldate = {04.02.2019},
 editor = {{Universit{\"a}t Leipzig Institut f{\"u}r Informatik}}
}


@book{SaintMont.2013,
 abstract = {Dieses Buch konnte Ihre Daten-Weltanschauung verandern. Unsere Leichtfertigkeit im Umgang mit Daten ist straflich. Sie werden sinnlos erhoben, falsch ausgewertet, unterschlagen, geschont dargestellt und unerlaubt gespeichert oder weitergegeben. All dies sind jedoch lassliche Sunden, wenn man sie mit dem gro{\ss}ten Fehler vergleicht: auf Daten zu verzichten! Sachorientierte Politik, soziale Netze, das Bildungssystem oder die Wirtschaft funktionieren alle nur mit einem permanenten und zuverlassigen Datenfluss, der in die richtigen Kanale gelenkt werden muss. Daten sind der Rohstoff unserer modernen},
 author = {Saint-Mont, Uwe},
 year = {2013},
 title = {Die Macht der Daten: Wie Information unser Leben bestimmt},
 url = {http://search.ebscohost.com/login.aspx?direct=true&scope=site&db=nlebk&db=nlabk&AN=580349},
 keywords = {Analyse von Daten},
 address = {Berlin},
 publisher = {{Springer Spektrum}},
 isbn = {9783642351167}
}


@book{Schumann.2000,
 abstract = {Das Buch stellt die Grundlagen der Visualisierung und den Visualisierungsproze{\ss} ausf{\"u}hrlich dar. Bei der Entwicklung der grundlegenden Visualisierungstechniken betrachten die Autoren detailliert die visuellen Variablen Position und Gr{\"o}{\ss}e, Farbe und Textur, Form und Tiefe sowie Bewegung. Konzepte zur Visualisierung spezieller Datenklassen, insbesondere die Visualisierung von Multiparameterdatens{\"a}tzen werden vorgestellt. Bei der Visualisierung von Volumendaten, die z.B. bei medizinischen und technischen Anwendungen anfallen, stehen anwendungsbezogene Aspekte im Vordergrund},
 author = {Schumann, Heidrun and M{\"u}ller, Wolfgang},
 year = {2000},
 title = {Visualisierung: Grundlagen und allgemeine methoden},
 url = {http://dx.doi.org/10.1007/978-3-642-57193-0},
 keywords = {Computer graphics;Computer science;Computer vision;Data processing;Engineering;Medical records;Multimedia systems;Physics},
 address = {Berlin and Heidelberg},
 publisher = {Springer},
 isbn = {9783540649441},
 doi = {10.1007/978-3-642-57193-0}
}


@book{Sommerville.2012,
 author = {Sommerville, Ian},
 year = {2012},
 title = {Software Engineering},
 keywords = {Software engineering},
 address = {Hallbergmoos},
 edition = {9., aktualisierte Aufl.},
 publisher = {{Pearson Studium}},
 isbn = {9783868940992},
 series = {Always learning}
}


@book{SpieckerDohmann.2016,
 author = {{Spiecker D{\"o}hmann}, Indra and Wallrabenstein, Astrid},
 year = {2016},
 title = {IT-Entwicklungen im Gesundheitswesen: Herausforderungen und Chancen},
 keywords = {Deutschland;Gesundheitswesen;Informationstechnik;Recht},
 isbn = {9783653070927},
 series = {Schriften zur Gesundheitspolitik und zum Gesundheitsrecht}
}


@misc{Steimle.,
 abstract = {Im Rahmen dieser Arbeit wurden Teile des Backends f{\"u}r das deutsch-griechische Forschungsprojekt ECHO (Enhancing Chronic patients' Health Online) entwickelt. Das Ziel des Projekts ist es mit Hilfe von Cloud-Computing-Technologien, Data Mining und Smartphones die Situation von Patienten mit chronischen Lungenkrankheiten zu verbessern. Unter anderem soll es f{\"u}r den Patienten m{\"o}glich sein, jeden Tag Fragen via Smartphone zu beantworten. Diese Antworten sollen bei der Fr{\"u}herkennung von dauerhaften Verschlimmerungen der Krankheit, auch Exazerbationen genannt, helfen. Vor dem Start des ECHO Projekts wurden die Patientendaten und Untersuchungsergebnisse mit Hilfe einer Microsoft Access Datenbank verwaltet. Um die t{\"a}gliche Dateneingabe zu erm{\"o}glichen, musste die Access Datenbank in eine relationale Datenbank {\"u}berf{\"u}hrt werden. Um die Daten vor unautorisiertem Zugriff zu sch{\"u}tzen, wurde f{\"u}r jeden Benutzer des Backends ein Datenbankbenutzer erstellt, der nur Zugriff auf die Views und Stored Procedures hat, die er im Rahmen seiner Rolle (Arzt, Patient oder Administrator) ben{\"o}tigt. Zum Zugriff auf die Datenbank wurde eine REST API implementiert, die mittels OAuth 2.0 und TLS/SSL gesichert wurde. Au{\ss}erdem wurden m{\"o}gliche Analysen vorgestellt, die auf den erhobenen Daten durchgef{\"u}hrt werden k{\"o}nnen.},
 author = {Steimle, Frank},
 title = {Umsetzung eines sicheren Systems zur Verwaltung und Bereitstellung von Gesundheitsdaten},
 keywords = {REST},
 publisher = {{Universit{\"a}t Stuttgart}},
 doi = {10.18419/OPUS-3415}
}


@book{Swoboda.2017,
 author = {Swoboda, Walter},
 year = {2017},
 title = {Informationsmanagement im Gesundheitswesen},
 keywords = {Data {\&} Telematik in Medizin;Gesundheitswesen;Informationsmanagement;Medizinische Informatik},
 isbn = {382524671X},
 series = {utb Gesundheits- und Pflegewissenschaften/Medizin}
}


@book{Tilkov.2011,
 author = {Tilkov, Stefan},
 year = {2011},
 title = {REST und HTTP: Einsatz der Architektur des Web f{\"u}r Integrationsszenarien},
 keywords = {Client-Server-Konzept;HTTP;REST;REST / Informatik;REST {\textless}Informatik{\textgreater};Softwarearchitektur;Softwarearchitkur;Web Services;Webanwendung;World Wide Web},
 address = {Heidelberg},
 edition = {2., aktualisierte und erw. Aufl.},
 publisher = {dpunkt-Verl.},
 isbn = {9783898647328}
}


@misc{UsabilityinGermany.,
 title = {Fokusgruppe: Definition Fokusgruppe},
 url = {https://www.usability-in-germany.de/definition/fokusgruppe},
 urldate = {20.02.2019},
 editor = {{Usability in Germany}}
}


@book{Walter.2008,
 year = {2008},
 title = {Cambridge advanced learner's dictionary},
 address = {Cambridge and Stuttgart},
 edition = {3. ed., reprint},
 publisher = {{Cambridge Univ. Press} and {Klett Sprachen}},
 isbn = {9780521858045},
 editor = {Walter, Elizabeth}
}


@book{Ware.2009,
 author = {Ware, Colin},
 year = {2009},
 title = {Information visualization: Perception for design},
 keywords = {Visualisierung},
 address = {Amsterdam},
 edition = {2. ed., [Nachdr.]},
 publisher = {Elsevier},
 isbn = {1558608192},
 series = {The Morgan Kaufmann series in interactive technologies}
}


@book{Kertzel.2018,
 author = {Kertzel, Sascha and Mylluks, Sina},
 year = {2018},
 title = {Google Data Studio: Professionelle Berichte und Dashboards erstellen},
 keywords = {Visualisierung},
 address = {Bonn},
 edition = {1. Auflage},
 publisher = {{Rheinwerk Verlag}},
 isbn = {9783836260978},
 series = {Rheinwerk Computing},
 institution = {{Galileo Press}}
}


@book{Kemper.2004,
 abstract = {Eine fundierte und praxisorientierte Einf{\"u}hrung in die IT-basierte Managementunterst{\"u}tzung. Business Intelligence umfasst mehr als den Bereich Data Warehousing. Ziel ist die Realisierung eines Gesamtkonzeptes. Charakteristika sind eine konsistente, harmonisierte Datenhaltung, eine hohe Integrationsdichte der Analysesysteme und die Einbindung betriebswirtschaftlich anspruchsvoller Auswertungskonzepte. In dem Buch werden eine Business-Intelligence-Architektur sowie ein Vorgehensmodell zur Entwicklung integrierter BI-Anwendungssysteme entworfen und anhand von aussagekr{\"a}ftigen Praxisbeispielen ausf{\"u}hrlich illustriert},
 author = {Kemper, Hans-Georg and Mehanna, Walid and Unger, Carsten},
 year = {2004},
 title = {Business Intelligence - Grundlagen und praktische Anwendungen: Eine Einf{\"u}hrung in die IT-basierte Managementunterst{\"u}tzung},
 url = {http://dx.doi.org/10.1007/978-3-322-93955-5},
 keywords = {Data Warehousing},
 address = {Wiesbaden},
 publisher = {{Vieweg+Teubner Verlag}},
 isbn = {3528058021},
 doi = {10.1007/978-3-322-93955-5}
}


@book{Karwowski.2011,
 year = {2011},
 title = {Human factors and ergonomics in consumer product design},
 address = {Boca Raton, Fla.},
 edition = {[Online-Ausg.]},
 publisher = {{CRC Press}},
 isbn = {9781420046298},
 series = {Ergonomics design and management : theory and applications},
 editor = {Karwowski, Waldemar}
}


@book{Herczeg.2018,
 abstract = {Das Buch ist eine wissenschaftliche, aber leicht lesbare Einf{\"u}hrung in die Software-Ergonomie mit Vertiefungsthemen. Es diskutiert in systematischer Weise die wichtigsten Theorien, Modelle und Kriterien f{\"u}r gebrauchstaugliche Computeranwendungen. Dazu werden Grundlagen aus Arbeitswissenschaften, Psychologie und Informatik interdisziplin{\"a}r verkn{\"u}pft und umsetzungsorientiert dargestellt. Das Buch dient in vielen Hochschulen als Begleitbuch f{\"u}r Lehrmodule wie Software-Ergonomie oder Mensch-Computer-Interaktion in diversen Studieng{\"a}ngen. Die Inhalte orientieren sich an den Empfehlungen der Gesellschaft f{\"u}r Informatik. Der Band nimmt Bezug auf internationale Normen und das Arbeitsschutzgesetz sowie auf die in vollst{\"a}ndiger Fassung enthaltene Bildschirmarbeitsverordnung und Barrierefreie Informationstechnik-Verordnung. Dies macht das Buch auf f{\"u}r Praktiker zu einer wertvollen Grundlage f{\"u}r die Entwicklung von Computeranwendungen},
 author = {Herczeg, Michael},
 year = {2018},
 title = {Software-Ergonomie: Theorien, Modelle und Kriterien f{\"u}r gebrauchstaugliche interaktive Computersysteme},
 keywords = {Requirements Engineering},
 edition = {4., erw. und aktual. Aufl.},
 isbn = {9783110446852},
 doi = {10.1515/9783110446869}
}


@book{Adams.2016,
 abstract = {Das bew{\"a}hrte Taschenatlaskonzept gibt Ihnen alle wesentlichen Inhalte auf einen Blick durch die Gegen{\"u}berstellung von Text und Bild. Der modulare Aufbau erleichtert Ihnen das gezielte Nachlesen einzelner Themen. Alle Informationen sind rasch und kompakt verf{\"u}gbar.  - Die 3. Auflage ist komplett {\"u}berarbeitet und nach den neuen ERC-Leitlinien von 2015 aktualisiert.},
 author = {Adams, Hans Anton and Flemming, Andreas and Friedrich, Lars and Ruschulte, Heiner},
 year = {2016},
 title = {Taschenatlas Notfallmedizin},
 keywords = {Medizin},
 address = {Stuttgart and New York},
 edition = {3., {\"u}berarbeitete Auflage},
 publisher = {{Georg Thieme Verlag}},
 isbn = {9783131311535},
 institution = {{Georg Thieme Verlag KG and European Resuscitation Council}}
}


@book{Barton.2017,
 abstract = {Trends im Gesch{\"a}ftsprozessmanagement (GPM) -- Analyse von Gesch{\"a}ftsprozessen -- Kontextsensitive Gesch{\"a}ftsprozesse -- Wissensintensive Gesch{\"a}ftsprozesse -- Implementierung von Gesch{\"a}ftsprozessen -- Fallstudien



Das Buch vermittelt Konzepte, zeigt aktuelle Trends wie agile Methoden, stellt Anwendungsszenarien f{\"u}r die Modellierung und Implementierung von Gesch{\"a}ftsprozessen im Zeitalter der Digitalisierung vor. Das Herausgeberwerk basiert dabei auf Fragestellungen aus der unternehmerischen Praxis. Schwerpunkte sind innovative Analysemethoden, kontextsensitive und wissensintensive Gesch{\"a}ftsprozesse sowie aktuelle Ans{\"a}tze bei der Umsetzung. Fallstudien runden das Buch ab. Es wendet sich sowohl an Berater und Projektverantwortliche als auch an Studierende und Lehrende. Der Inhalt Trends im Gesch{\"a}ftsprozessmanagement (GPM) Analyse von Gesch{\"a}ftsprozessen Kontextsensitive Gesch{\"a}ftsprozesse Wissensintensive Gesch{\"a}ftsprozesse Implementierung von Gesch{\"a}ftsprozessen Fallstudien Die Zielgruppen IT-Berater und Unternehmensberater Projektleiter und Projektmitarbeiter Studierende der Wirtschaftsinformatik, der Informatik und der BWL Lehrende der Wirtschaftsinformatik, der Informatik und der BWL Die Herausgeber Prof. Dr. Thomas Barton ist Professor an der Hochschule Worms. Seine Schwerpunkte liegen in den Bereichen betriebliche Informationssysteme, E-Business und Cloud Computing. Prof. Dr. Christian M{\"u}ller ist Professor an der Technischen Hochschule Wildau. Seine Schwerpunkte liegen in den Bereichen Operations Research, Simulation von Gesch{\"a}ftsprozessen und Internet-Technologien. Prof. Dr. Christian Seel ist Professor an der Hochschule Landshut und Leiter des Instituts f{\"u}r Projektmanagement und Informationsmodellierung (IPIM). Seine Schwerpunkte liegen in den Bereichen Gesch{\"a}ftsprozessmanagement, Informationsmanagement und Mobile Computing},
 year = {2017},
 title = {Gesch{\"a}ftsprozesse: Von der Modellierung zur Implementierung},
 url = {http://dx.doi.org/10.1007/978-3-658-17297-8},
 address = {Wiesbaden},
 publisher = {{Springer Vieweg}},
 isbn = {9783658172978},
 series = {Angewandte Wirtschaftsinformatik},
 editor = {Barton, Thomas and M{\"u}ller, Christian and Seel, Christian},
 doi = {10.1007/978-3-658-17297-8}
}


@book{Bassler.2010,
 author = {Bassler, Anna},
 year = {2010},
 title = {Die Visualisierung von Daten im Controlling: Zugl.: M{\"u}nchen, Univ. der Bundeswehr, Diss., 2010},
 price = {EUR 56.00 (DE), EUR 57.80 (AT), sfr 93.00 (freier Pr.)},
 keywords = {Controlling;Controlling-Informationssystem;Informationsaufnahme;Informationsversorgung;Management-Informationssystem;Visualisierung},
 address = {Lohmar},
 edition = {1. Aufl.},
 volume = {13},
 publisher = {Eul},
 isbn = {9783899369397},
 series = {Reihe}
}


@book{Battig.2015,
 abstract = {Angewandte Datenanalyse, Bayes'sche Statistik und moderne Simulationsmethoden mit dem Computer helfen, nicht direkt messbare Gr{\"o}ssen zu bestimmen und Prognosen zu zuk{\"u}nftigen Werten von unsicheren Gr{\"o}ssen zu berechnen. Wie dabei vorgegangen werden kann, von der systematischen Sammlung von Daten, von der Frage wie Unsicherheit mit Wahrscheinlichkeiten quantifiziert werden kann, bis hin zu Regressionsmodellen, spannt das Buch den Bogen. Durch seinen systematischen Aufbau mit zahlreichen Beispielen aus der Praxis und seine in vielen Kursen erprobte Didaktik ist das Buch ideal f{\"u}r Studierende in den angewandten Wissenschaften wie Ingenieur-, Natur- und Wirtschaftswissenschaften geeignet},
 author = {B{\"a}ttig, Daniel},
 year = {2015},
 title = {Angewandte Datenanalyse: Der Bayes'sche Weg},
 url = {http://dx.doi.org/10.1007/978-3-662-43394-2},
 keywords = {Analyse von Daten},
 address = {Berlin},
 publisher = {{Springer Spektrum}},
 isbn = {9783662433935},
 series = {Statistik und ihre Anwendungen},
 doi = {10.1007/978-3-662-43394-2}
}


@book{Bauer.Juni2004,
 year = {Juni] 2004},
 title = {Data-Warehouse-Systeme: Architektur, Entwicklung, Anwendung},
 keywords = {Data Warehousing},
 address = {Heidelberg},
 edition = {2., {\"u}berarbeitete und aktualisierte Auflage},
 publisher = {{dpunkt verlag GmbH}},
 isbn = {3898642518},
 editor = {Bauer, Andreas and G{\"u}nzel, Holger}
}


@book{Bergsmann.2018,
 abstract = {Intro -- Vorwort zur 2. Auflage -- Vorwort -- Danksagung -- Inhalts{\"u}bersicht -- Inhaltsverzeichnis -- 1 Einleitung und Motivation -- 1.1 {\"U}ber dieses Buch -- 1.1.1 Zielgruppen -- 1.1.2 Abbildung des Lehrplans IREB RE@Agile -- 1.1.3 Allgemeine Begriffseinordnung -- Abb. 1-1 Abstraktionsebenen beim Wissen {\"u}ber die Softwareentwicklung -- 1.2 Verbindung zwischen Requirements Engineering und agilem Vorgehen -- 1.2.1 Mindsets und Werte im Requirements Engineering und agilem Vorgehen -- Requirements Engineering (RE) -- Agiles Umfeld -- Manifest f{\"u}r agile Softwareentwicklung: -- Die zw{\"o}lf Prinzipien hinter dem Agilen Manifest: -- Requirements Engineering im agilen Kontext -- Abb. 1-2 Mindset- und Werte{\"u}berschneidung zwischen Requirements Engineering und Agile (nach [IREB RE@Agile FL 2017]) -- 1.2.2 Requirements Engineering im Kontext des Agilen Manifests -- Abb. 1-3 Kostenkurve in der Softwareentwicklung abh{\"a}ngig vom Dokumentationsgrad -- 1.2.3 Nutzen von Requirements Engineering im agilen Vorgehen -- 1.2.4 Vorurteile und Probleme beim Requirements Engineering im agilen Umfeld -- 1.2.5 Fallstricke bei RE@Agile -- 1.2.6 Res{\"u}mee -- 2 Grundlagen -- 2.1 Methoden{\"u}berblick -- 2.1.1 Allgemeine agile Vorgehensweisen -- Scrum -- Kanban -- Lean Development -- Crystal -- XP (eXtreme Programming -- 2.1.2 Scrum {\frqq}in a Nutshell{\flqq} -- Abb. 2-1 {\"U}berblick {\"u}ber Scrum -- Scrum aus Sicht des Requirements Engineering -- 2.1.3 Methoden zur Unterst{\"u}tzung des Requirements Engineering -- Design Thinking -- Abb. 2-2 Der Design-Thinking-Prozess -- Design Sprint -- Lean Startup -- Test Driven Development (TDD) -- Abb. 2-3 Test Driven Development (TDD) -- Acceptance Test Driven Development (ATDD) -- Behaviour Driven Development (BDD) -- Specification by Example (SBE) -- Abb. 2-4 Verschiedene Implementierungsm{\"o}glichkeiten -- 2.2 Requirements Engineering im agilen Umfeld

Unterschiede und Gemeinsamkeiten von Requirements Engineers und Product Ownern -- Requirements Engineering als kontinuierlicher Prozess -- Wertorientierte Entwicklung -- Einfachheit als wesentliches Konzept -- Qualit{\"a}t ist nicht verhandelbar! -- Inspect and Adapt -- 2.3 Die f{\"u}nf Grundprinzipien des Requirements Engineering in der agilen Softwareentwicklung -- Abb. 2-5 Die f{\"u}nf Grundprinzipien des Requirements Engineering in agilen Projekten -- Grundprinzip 1: Sp{\"a}te Detailspezifikation -- Grundprinzip 2: Umsetzungsdetails bleiben drau{\ss}en! -- Grundprinzip 3: Risiko und zeitlicher Abstand zur Umsetzung steuern Detailgrad -- Grundprinzip 4: Effizienz im Requirements Management -- Abb. 2-6 Nutzen der Dokumentation abh{\"a}ngig vom Detaillierungsgrad -- Grundprinzip 5: {\"A}nderungen akzeptieren und konsistent umsetzen -- 2.4 Umfang des Requirements Engineering -- Abb. 2-7 Requirements-Aufwandsverteilung in nicht agilen Projekten -- Abb. 2-8 Requirements-Aufwandsverteilung in agilen Projekten -- 3 Requirements-Ermittlung und -Dokumentation -- 3.1 Allgemeines -- 3.1.1 Requirements -- 3.1.2 Ermittlung -- 3.1.3 Dokumentation -- 3.1.4 Spezifikationsdokumente vs. Product Backlog -- 3.1.5 Granularit{\"a}t funktionaler Requirements -- Abb. 3-1 Anforderungsgranularit{\"a}t (nach [IREB RE@Agile FL 2017]) -- 3.1.6 Grafische Modelle und textuelle Beschreibungen -- 3.1.7 Artefakte -- Ein Blick auf das gro{\ss}e Ganze -- Abb. 3-2 {\"U}berblick {\"u}ber Requirements-Artefakte im agilen Umfeld -- Abb. 3-3 Komplexe Zusammenh{\"a}nge im Requirements Engineering -- 3.1.8 Definition von Begriffen, Glossare und Informationsmodelle -- 3.1.9 Akzeptanz- und Abnahmekriterien -- 3.2 {\"U}bergeordnete Artefakte -- 3.2.1 Vision und Goals (Ziele) -- Abb. 3-4 Vision und Ziele im Zusammenhang -- 3.2.2 Epics -- Business Epics -- Architectural Epics -- Eigenschaften von Epics -- Abb. 3-5 Epics im Zusammenhang

3.2.3 Kontextmodelle -- Abb. 3-6 Systemkontextdiagramm f{\"u}r das Zeiterfassungssystem -- 3.2.4 Stakeholder-Liste -- Tab. 3-1 Beispiel f{\"u}r Stakeholder-Liste -- 3.2.5 Personas -- Lucy L{\"a}ssig -- Tab. 3-2 Beispiel/Vorlage f{\"u}r {\frqq}Steckbrief{\flqq} einer Persona -- 3.3 Gesch{\"a}ftsprozesse und Systemverhalten -- 3.3.1 Prozesse -- Abb. 3-7 Grobe Prozessmodellierung -- Abb. 3-8 Grafische Modellierung des Prozessablaufs -- Abb. 3-9 Prozesse im Zusammenhang -- 3.3.2 Use Cases -- Use-Case-Diagramm -- Abb. 3-10 Use-Case-Diagramm - Beispiel f{\"u}r Zeiterfassung -- Use-Case-Beschreibung -- Tab. 3-3 Template zur Beschreibung von Use Cases -- 3.3.3 Use-Case-Szenario bzw. -Template -- Szenario-Standardablauf - {\frqq}Urlaub eintragen{\flqq} -- Abb. 3-11 Standardablauf {\frqq}Urlaub eintragen{\flqq} -- Szenariovariante - {\frqq}Arztbesuch{\flqq} -- Abb. 3-12 Szenariovariante {\frqq}Arztbesuch{\flqq} -- Szenario-Sonderfall - {\frqq}Sonstige Fehlzeit{\flqq} -- Abb. 3-13 Szenario-Sonderfall {\frqq}Sonstige Fehlzeit{\flqq} -- Abb. 3-14 Grafisches Ablaufdiagramm f{\"u}r Szenario {\frqq}Fehlzeiterfassung{\flqq} -- 3.4 Funktionale und nicht funktionale Sicht -- 3.4.1 Features -- 3.4.2 User Stories -- Nicht funktionale User Stories? -- Technische User Stories? -- 3.4.3 Nicht funktionale Anforderungen (NFA) -- 3.4.3.1 Qualit{\"a}tsanforderungen -- Abb. 3-15 Nicht funktionale Anforderungen nach ISO 25010 -- Funktionalit{\"a}t -- Effizienz -- Kompatibilit{\"a}t -- Benutzbarkeit (Usability) -- Zuverl{\"a}ssigkeit (Reliability) -- Informationssicherheit (Security) -- Portierbarkeit -- Skalierbarkeit -- Sicherheit der Anwender (Safety) -- Dokumentation -- 3.4.3.2 Randbedingungen (Constraints) -- 3.5 Benutzerschnittstelle -- Abb. 3-16 Zusammenhang zwischen Anforderungen, UI und Umsetzung -- 3.5.1 Wireframes -- Abb. 3-17 Wireframe-Beispiel -- 3.5.2 Sketchy UI /Sketches -- Abb. 3-18 Sketchy-UI-Beispiel erstellt mit Sketching Tool -- Abb. 3-19 Sketchy-UI-Beispiel erstellt auf einer Papierseite

3.5.3 Finales UI -- Abb. 3-20 Finales UI-Beispiel -- 3.5.4 Szenariobasierte UI-Spezifikation -- Abb. 3-21 {\"U}bergeordneter Prozess als Ausgangsbasis f{\"u}r ein Storyboard -- Abb. 3-22 Storyboard f{\"u}r die Erfassung der Zeiten -- 3.5.5 Hinweise zur GUI-Spezifikation -- 3.6 Systemschnittstelle -- 3.7 Prototypen und Inkremente -- 3.8 Entwicklersicht -- 3.8.1 Spikes -- 3.8.2 Architektur und technisches Design -- Abb. 3-23 Zusammenhang zwischen Architektur, Design und Implementierung -- Abb. 3-24 Architekturkomponentendiagramm f{\"u}r das Zeiterfassungssystem -- Abb. 3-25 Architekturschichtendiagramm f{\"u}r das Zeiterfassungssystem -- 3.8.3 Developer Story -- 3.8.4 Systemszenarien -- Abb. 3-26 Systemszenario {\frqq}Mail zur Info an Vorgesetzten schicken{\flqq} -- 3.8.5 Developer Constraints -- Nicht funktionale Anforderungen (NFA) -- Wartbarkeit -- Skalierbarkeit -- Sicherheit (des Systems, Security) -- Sicherheit (der Anwender, Safety) -- Dokumentation -- Randbedingungen -- 3.8.6 Tasks -- 3.9 Inhaltliche Strukturierungshilfsmittel -- 3.9.1 Themen -- 3.9.2 Epics und Features -- Abb. 3-27 Epics und Features als inhaltliche Strukturierungshilfsmittel -- 4 Requirements-Validierung und -Abstimmung -- Abb. 4-1 Requirements-Analyse -- 4.1 Verfeinerung von Anforderungen -- 4.1.1 Backlog Refinement -- 4.1.2 Refinement-Meeting -- 4.2 Machbarkeitsanalyse -- 4.2.1 Technische und funktionale Analyse mit Spikes -- 4.2.2 Organisatorische und personelle Machbarkeit -- 4.3 Analyse von Nutzen und Gesch{\"a}ftswert -- 4.3.1 Messung des Nutzens -- 4.3.2 Das Kano-Modell -- Abb. 4-2 Anforderungsklassifikation nach Kano -- 4.3.3 Ordnung nach relativem Nutzen -- 4.3.4 Abstrakter Gesch{\"a}ftswert (Business Value) -- 4.4 Risikobewertung -- 4.4.1 Risiken identifizieren und bewerten -- Tab. 4-1 Schadensklassen bei der Risikobeurteilung -- Tab. 4-2 Wahrscheinlichkeitsklassen bei der Risikobeurteilung

Tab. 4-3 Risikoklassen und zugeordnete Aktionen -- Tab. 4-4 Beispiel einer Projektrisikoliste -- Tab. 4-5 Beispiel einer Risikoliste zu einer Anforderung -- 4.4.2 Ma{\ss}nahmen planen -- 4.4.3 Risiken {\"u}berwachen und steuern -- 4.5 Aufwands- und Kostensch{\"a}tzung -- 4.5.1 Aufwandssch{\"a}tzung in nicht agilen Projekten -- Abb. 4-3 Aufwandssch{\"a}tzung in nicht agilen Projekten -- Abb. 4-4 Unsch{\"a}rfetrichter bei der Aufwandssch{\"a}tzung in nicht agilen Projekten -- Tab. 4-6 Anfangszustand vieler Softwareprojekte -- Tab. 4-7 Endzustand vieler Softwareprojekte -- Abb. 4-5 Prognostizierte vs. tats{\"a}chliche Preisentwicklung in nicht agilen Projekten -- 4.5.2 Prinzipien agiler Sch{\"a}tzungen -- Tab. 4-8 Anfangszustand agiler Softwareprojekte -- Abb. 4-6 Prognostizierte vs. tats{\"a}chliche Feature-Anzahl in agilen Projekten -- 4.5.3 Sch{\"a}tzen im Projektverlauf -- Fr{\"u}he Grobsch{\"a}tzung zur Priorisierung -- Genauere Sch{\"a}tzung f{\"u}r die Iterationsplanung -- 4.5.4 Sch{\"a}tzmethoden -- Grobsch{\"a}tzung mit T-Shirt-Sizing -- Sch{\"a}tzung mit Story Points und Planning Poker -- Sch{\"a}tzung in Personentagen, Function Points etc. -- 4.5.5 Ermitteln von Aufwand und Kosten aus Story Points -- Referenzaufwand ermitteln und hochrechnen -- Ermittlung der Umsetzungszeit je Story Point aus der Velocity -- Abb. 4-7 Ablauf und Einflussfaktoren zur Bestimmung der Velocity -- 4.6 Bewertung der Qualit{\"a}t der Anforderungen -- 4.7 Priorisierung -- 4.7.1 Priorit{\"a}tsskala -- Einteilung in Priorit{\"a}tsklassen -- Fortlaufende Nummerierung -- 4.7.2 Basis f{\"u}r die Priorisierung -- Eindimensionale Priorisierung -- Priorisierung nach mehreren Dimensionen -- 5 Qualit{\"a}t von Requirements -- Abb. 5-1 Definition of Ready (DoR) {\&} Definition of Done (DoD) -- 5.1 Qualit{\"a}tskriterien f{\"u}r Requirements -- 5.1.1 Qualit{\"a}tskriterien nach IEEE 830-1998 und IREB -- 5.1.2 DEEP-Qualit{\"a}tskriterien -- 5.1.3 INVEST-Qualit{\"a}tskriterien

5.2 Definition of Ready (DoR)},
 author = {Bergsmann, Johannes},
 year = {2018},
 title = {Requirements Engineering f{\"u}r die agile Softwareentwicklung: Methoden, Techniken und Strategien},
 url = {https://ebookcentral.proquest.com/lib/gbv/detail.action?docID=5371905},
 keywords = {Biomedical Research;Requirements Engineering},
 address = {Heidelberg},
 edition = {2., {\"u}berarbeitete und aktualisierte Auflage},
 publisher = {dpunkt.verlag},
 isbn = {9783864904851}
}


@book{Bounford.2001,
 author = {Bounford, Trevor and Campbell, Alastair},
 year = {2001},
 title = {Digitale Diagramme: [Info-Grafiken ; professionell gestalten]},
 keywords = {Visualisierung},
 address = {M{\"u}nchen},
 publisher = {Stiebner},
 isbn = {9783830712657},
 series = {Design directories}
}


@book{Card.2007,
 year = {2007},
 title = {Readings in information visualization: Using vision to think},
 keywords = {Computer graphics;Image processing;Information display systems;Visualisierung;Visualization},
 address = {San Francisco, Calif.},
 edition = {[Nachdr.]},
 publisher = {{Morgan Kaufmann}},
 isbn = {1558605339},
 series = {The Morgan Kaufmann series in interactive technologies},
 editor = {Card, Stuart K. and Mackinlay, Jock D. and Shneiderman, Ben}
}


@article{Christenson.2009,
 abstract = {Background: Quality CPR contributes to cardiac arrest survival. The proportion of time in which chest compressions are performed in each minute of CPR is an important modifiable aspect of quality CPR. We sought to estimate the effect of an increasing proportion of time spent performing chest compressions during cardiac arrest on survival to hospital discharge in patients with out-of hospital ventricular fibrillation or pulseless ventricular tachycardia. Methods and Results: This is a prospective observational cohort study of adult patients from the Resuscitation Outcomes Consortium Cardiac Arrest Epistry with confirmed ventricular fibrillation or ventricular tachycardia, no defibrillation prior to emergency medical services arrival, electronically recorded cardiopulmonary resuscitation prior to the first shock and a confirmed outcome. Patients were followed to discharge from hospital or death. In the 506 cases, the mean age was 64 years, 80{\%} were male, 71{\%} were witnessed by a bystander, 51{\%} received bystander cardiopulmonary resuscitation, 34{\%} occurred in a public location, and 23{\%} survived. After adjustment for age, gender, location, bystander cardiopulmonary resuscitation, bystander witness status, and response time the odds ratios of surviving to hospital discharge in the two highest categories of chest compression fraction compared to the reference category were 3.01 (95{\%} CI, 1.37, 6.58) and 2.33 (95{\%} CI, 0.96, 5.63). The estimated adjusted linear effect on odds ratio of survival for a 10{\%} change in chest compression fraction was 1.11 (95{\%} CI, 1.01, 1.21). Conclusion: Increased chest compression fraction is independently predictive of better survival in patients suffering a prehospital ventricular fibrillation/tachycardia cardiac arrest.},
 author = {Christenson, Jim and Andrusiek, Douglas and Everson-Stewart, Siobhan and Kudenchuk, Peter and Hostler, David and Powell, Judy and Callaway, Clifton W. and Bishop, Dan and Vaillancourt, Christian and Davis, Dan and Aufderheide, Tom P. and Idris, Ahamed and Stouffer, John A. and Stiell, Ian and Berg, Robert},
 year = {2009},
 title = {Chest Compression Fraction Determines Survival in Patients with Out-of-hospital Ventricular Fibrillation},
 keywords = {ccf},
 pages = {1241--1247},
 volume = {120},
 number = {13},
 issn = {1524-4539},
 journal = {Circulation},
 doi = {10.1161/CIRCULATIONAHA.109.852202}
}


@misc{Christoforakos.,
 abstract = {Prototyping und fr{\"u}he Einsch{\"a}tzungen hinsichtlich des Erfolgspotentials von Produktideen werden immer wichtiger. So ergibt sich f{\"u}r Usability Professionals die Aufgabe, aus der Vielzahl von Methoden diejenige zu w{\"a}hlen, welche eine Produktidee ad{\"a}quat kommuniziert, Innovation unterst{\"u}tzt sowie hilfreiche Einsichten in der Evaluation und fundierte Entscheidungen zur Weiterentwicklung des Produkts liefert. Untersuchungen zeigen, dass besonders in anf{\"a}nglichen $\backslash$dq-Phasen der Entwicklung das Innovationspotenzial von Prototyping gering genutzt wird. Der Beitrag diskutiert Chancen und Herausforderungen verschiedener Prototyping-Ans{\"a}tze in fr{\"u}hen Produktentwicklungsphasen und liefert damit eine Grundlage f{\"u}r den systematischen Einsatz von Prototyping in Entwicklung, Innovation und Evaluation. Basis hierf{\"u}r sind Untersuchungen bei drei Unternehmen in Dom{\"a}nen innovativer Technologien (u.a. VR, AR, IoT) im Rahmen des Forschungsprojekts ProFI.},
 author = {Christoforakos, Lara and Diefenbach, Sarah},
 title = {Mensch und Computer 2017 ---- Usability Professional: Erfolgreiches Prototyping im Ideenstadium der Produktentwicklung: Der Einfluss der Methode und Reichhaltigkeit auf die Konzeptbeurteilung},
 keywords = {Innovation;Konzeptevaluation;Produktentwicklung;Produktidee;Prototyping},
 address = {Regensburg},
 publisher = {{Gesellschaft f{\"u}r Informatik e.V}},
 editor = {{Gesellschaft f{\"u}r Informatik e.V} and {German UPA e. V.}},
 institution = {{Department Psychologie, Ludwig-Maximilians-Universit{\"a}t M{\"u}nchen}},
 doi = {10.18420/muc2017-up-0193}
}


@book{Dudenredaktion.2015,
 author = {Dudenredaktion},
 year = {2015},
 title = {Duden - Deutsches Universalw{\"o}rterbuch: Das umfassende Bedeutungsw{\"o}rterbuch der deutschen Gegenwartssprache},
 keywords = {Bedeutungsw{\"o}rterbuch;DDUW;deutsche Sprache;Deutsches;deutsches W{\"o}rterbuch;Duden;Gegenwartssprache;Universal;Universalw{\"o}rterbuch;W{\"o}rterbuch},
 address = {Berlin},
 publisher = {{Bibliographisches Institut GmbH}},
 isbn = {9783411911714}
}


@book{Duncan.2018,
 author = {Duncan, Kevin},
 year = {2018},
 title = {Das Buch der Diagramme: 50 Wege, um jedes Problem visuell zu l{\"o}sen},
 keywords = {Visualisierung},
 address = {Z{\"u}rich},
 edition = {5. Auflage},
 publisher = {Midas},
 isbn = {9783907100455},
 institution = {{Midas Management Verlag AG}}
}


@article{Wertheimer.2017,
 author = {Wertheimer, Max},
 year = {2017},
 title = {Untersuchungen zur Lehre von der Gestalt},
 pages = {79--89},
 volume = {39},
 number = {1},
 journal = {Gestalt Theory},
 doi = {10.1515/gth-2017-0007}
}


@book{Durrenberger.1999,
 author = {D{\"u}rrenberger, Gregor and Behringer, Jeannette},
 year = {1999},
 title = {Die Fokusgruppe in Theorie und Anwendung},
 keywords = {Diskussionstechnik;Gruppeninterview},
 address = {Stuttgart},
 publisher = {{Akad. f{\"u}r Technikfolgenabsch{\"a}tzung in Baden-W{\"u}rttemberg}},
 isbn = {3-932013-42-5},
 series = {Leitfaden / Akademie f{\"u}r Technikfolgenabsch{\"a}tzung in Baden-W{\"u}rttemberg}
}


@phdthesis{Fischer.2014,
 author = {Fischer, Dominik},
 year = {2014},
 title = {{\"U}bersicht {\"u}ber Big Data L{\"o}sungen zur Datenanalyse und -visualisierung},
 doi = {10.13140/RG.2.2.14452.40321}
}


@book{FischerStabel.2018,
 author = {Fischer-Stabel, Peter},
 year = {2018},
 title = {Datenvisualisierung: Vom Diagramm zur Virtual Reality},
 url = {http://www.utb-studi-e-book.de/9783838550282},
 keywords = {Visualisierung},
 isbn = {9783825250287},
 institution = {{Uni-Taschenb{\"u}cher GmbH}}
}


@book{Friedl.2003,
 author = {Friedl, Birgit},
 year = {2003},
 title = {Controlling},
 keywords = {Betriebswirtschaftslehre;Budgetierung;Controlling;Deutschland;Entscheidung;Schulverwaltung/Schulmanagement;Theorie},
 address = {Stuttgart},
 volume = {2117},
 publisher = {{Lucius {\&} Lucius}},
 isbn = {3828201164},
 series = {Grundwissen der {\"O}konomik Betriebswirtschaftslehre}
}


@book{Gabriel.2011,
 author = {Gabriel, Roland and Gluchowski, Peter and Pastwa, Alexander},
 year = {2011},
 title = {Data warehouse {\&} data mining},
 keywords = {Data Warehousing},
 address = {Herdecke and Witten},
 edition = {1. Nachdr.: Oktober 2011},
 publisher = {W3L-Verl.},
 isbn = {9783937137667},
 series = {Informatik}
}


@book{Gertsch.2008,
 abstract = {Trotz der so genannten {\"a}direkten und {\"a}bildgebenden diagnostischen Verfahren, die dazu beigetragen haben, die diagnostische Genauigkeit bei Herzkrankheiten betr{\"a}chtlich zu verbessern, ist das EKG weltweit die am h{\"a}ufigsten verwendete nicht invasive diagnostische Methode geblieben.},
 author = {Gertsch, Marc and F{\"a}ssler, Benjamin},
 year = {2008},
 title = {Das EKG: Auf einen Blick und im Detail},
 address = {Berlin},
 edition = {2. Aufl.},
 publisher = {Springer},
 isbn = {9783540791218},
 series = {Springer E-book Collection}
}


@book{Gitelman.2013,
 year = {2013},
 title = {$\backslash$dq is an oxymoron},
 url = {http://ieeexplore.ieee.org/servlet/opac?bknumber=6451327},
 keywords = {Data transmission systems;Data Warehousing;Databases;Datenherkunft;Datenqualit{\"a}t;Information theory},
 address = {Cambridge, Massachusetts},
 publisher = {{The MIT Press}},
 isbn = {9780262518284},
 series = {Infrastructures series},
 editor = {Gitelman, Lisa}
}


@book{Goldstein.2015,
 abstract = {Wahrnehmungspsychologie ist ein zentrales Pr{\"u}fungsthema im Studiengang Psychologie - und Goldsteins Lehrbuchklassiker ist seit Jahren Marktf{\"u}hrer. Die neue Auflage ist passgenau auf die Bachelor- und Master-Studieng{\"a}nge zugeschnitten. Die Themenpalette dieses Lehrbuchs ist nicht nur pr{\"u}fungsrelevant, sondern auch faszinierend - und f{\"u}r manchen Laien auch verst{\"a}ndlich lesbar. In 16 Kapiteln beantwortet Goldstein die folgenden Fragen: Was ist Wahrnehmung? Was sind die neuronalen Mechanismen der Wahrnehmung? Inwieweit arbeitet das Gehirn {\"a}hnlich wie ein Computer? Wie wird das Netzhautbild verarbeitet? Wie nehmen wir Farbe wahr? Wie erkennen wir Objekte? Wie nehmen wir Tiefe und Gr{\"o}{\ss}e von Objekten wahr? Wie erkennen wir Bewegung? Wie funktioniert unser Geh{\"o}r? Wie nehmen wir Kl{\"a}nge und Lautst{\"a}rken wahr? Wie erkennen und verstehen wir Sprache? Wie funktionieren unsere Sinne?



Lehrbuch zum gesamten Prozess der menschlichen Wahrnehmung durch Sehen, H{\"o}ren, Tasten, Riechen und Schmecken. (LK/DU: Heckmann)},
 author = {Goldstein, E. Bruce},
 year = {2015},
 title = {Wahrnehmungspsychologie: Der Grundkurs},
 price = {EUR 59.99 (DE)},
 keywords = {Allgemeine Psychologie;Allgemeine Psychologie / Wahrnehmung / Handlung / Kognition / Affekt;Bewegungswahrnehmung;Farb-;Gehirn;Gr{\"o}{\ss}en-;Kultur- und Geisteswissenschaften / Psychologie;Neuronen;Objektwahrnehmung;Perception;Sensation;Sprachwahrnehmung;Tiefen-;Visuelle Aufmerksamkeit;Wahrnehmungspsychologie},
 address = {Berlin and Heidelberg},
 edition = {9. Auflage},
 publisher = {Springer},
 isbn = {9783642550744},
 series = {Lehrbuch}
}


@book{Grunwied.2017,
 author = {Gr{\"u}nwied, Gertrud},
 year = {2017},
 title = {Usability von Produkten und Anleitungen im digitalen Zeitalter: Handbuch f{\"u}r Entwickler, IT-Spezialisten und Technische Redakteure : mit Checklisten und Fallstudien},
 url = {http://www.wiley-vch.de/publish/dt/books/ISBN978-3-89578-464-4/},
 keywords = {Biomedical Research;Requirements Engineering},
 address = {Erlangen},
 publisher = {{Publicis Pixelpark}},
 isbn = {9783895784644},
 institution = {{PUBLICIS Erlangen Zweigniederlassung der PWW GmbH}}
}


@book{Haas.2006,
 author = {Haas, Peter},
 year = {2006},
 title = {Gesundheitstelematik: Grundlagen, Anwendungen, Potenziale ; mit 13 Tabellen und 21 Merktafeln},
 keywords = {Data {\&} Telematik in Medizin;Deutschland;Gesundheitswesen;Telemedizin},
 isbn = {3540207406}
}


@book{Hausler.2018,
 year = {2018},
 title = {Digitalisierung und Big Data: Aspekte digitaler Transformation im Gesundheitswesen},
 keywords = {Data {\&} Telematik in Medizin},
 address = {Sternenfels},
 publisher = {{Verlag Wissenschaft {\&} Praxis}},
 isbn = {9783896737502},
 series = {Schriften zu Gesundheits{\"o}konomie und Gesundheitsmanagement},
 editor = {H{\"a}usler, Eveline}
}


@book{Heber.2018,
 author = {Heber, Raimar},
 year = {2018},
 title = {Infografik: Gute Geschichten erz{\"a}hlen mit komplexen Daten},
 keywords = {Visualisierung},
 address = {Bonn},
 edition = {2., aktualisierte und erweiterte Auflage},
 publisher = {{Rheinwerk Verlag}},
 isbn = {9783836264389},
 series = {Rheinwerk Design},
 institution = {{Galileo Press}}
}


@book{Heinemeyer.2005,
 author = {Heinemeyer, Ilka},
 year = {2005},
 title = {Elektronische Datenverarbeitung in den neuen medizinischen Versorgungssystemen: Zugl.: Marburg, Univ., Diss., 2005},
 keywords = {Data {\&} Telematik in Medizin},
 address = {Frankfurt am Main},
 volume = {4240},
 publisher = {Lang},
 isbn = {3631543085},
 series = {Europ{\"a}ische Hochschulschriften Reihe 2, Rechtswissenschaft}
}


@book{Engels.2015,
 author = {Engels, Christoph},
 year = {2015},
 title = {Basiswissen Business Intelligence},
 keywords = {Business Intelligence},
 address = {Dortmund},
 edition = {2. Aufl.},
 publisher = {W3L},
 isbn = {3868340564},
 series = {Informatik}
}


@article{Wnent.2013,
 author = {Wnent, Jan and H{\"o}cker, Jan and Corzillius, Michael and Gr{\"a}sner, Jan-Thorsten},
 year = {2013},
 title = {Kapnografie im Rettungsdienst},
 pages = {8--11},
 volume = {8},
 number = {01},
 issn = {1611-6550},
 journal = {Notfallmedizin up2date},
 doi = {10.1055/s-0032-1324981}
}


